@online{pmblog,
    title="Lastenhefte - Eine schrittweise Anleitung für den perfekten Aufbau ",
    author="Carsten Tauss",
    url="https://www.pm-blog.eu/themen/methoden/lastenhefte-eine-schrittweise-anleitung-fur-den-perfekten-aufbau.html",
    addendum="Veröffentlicht am 14.05.2014"
}
@article{DIN69901-5,
    author="DIN 69901-5",
    title="Projektmanagement - Projektmanagementsysteme - Teil 5: Begriffe",
    year="01.2009"
}
@article{AZAP,
    author="Fachhochschule Aachen",
    title="Antrag auf Gewährung einer Bundeszuwendung auf Ausgabenbasis (AZAP)",
    year="26.04.2018"
}
@book{RIL915,
    title="RIL 915 - Bremsen im Betrieb bedienen und prüfen",
    author="DB Systemtechnik GmbH",
    year="2016"
}
@book{RIL936,
    title="RIL 936 - Technische Wagenbehandlung im Betrieb (Güterwagen)",
    author="DB Cargo AG",
    year="2016"
}
@article{Ausbaustufen,
    author="B. Schmidt, M. Enning, R. Pfaff",
    title="Güterwagen 4.0 – Der Güterwagen für das Internet der Dinge. Teil 3: Einführungsszenarien für aktive, kommunikative Güterwagen",
    journal="ETR-Eisenbahntechnische Rundschau",
    volume="ISSN:0013-2845", number="Heft 5",pages="60-63",
    year="2018"
}
@book{RIL408,
    title="RIL 408 - Fahrdienstvorschrift",
    author="DB Netz AG",
    year="2014"

@article{Stephenson,
    author="B. Schmidt, M. Enning, R. Pfaff",
    title="Towards inclusion of the freight rail system in the industrial internet of things – Wagon 4.0",
    journal="Stephenson Conference, London",
    year="03.2017"
}

@article{DINEN50155,
    author="DIN EN 50155",
    title="Bahnanwendungen - Elektronische Einrichtungen auf Schienenfahrzeugen",
    year="05.2018"
}
@article{DINEN61373,
    author="DIN EN 61373",
    title="Bahnanwendungen - Betriebsmittel von Bahnfahrzeugen - Prüfungen für Schwingen und Schocken (IEC 61373:2010)",
    year="04.2011"
}
@article{DINEN45545-2,
    author="DIN EN 45545-2",
    title="Bahnanwendungen - Brandschutz in Schienenfahrzeugen - Teil 2: Anforderungen an das Brandverhalten von Materialien und Komponenten",
    year="02.2016"
}
@article{Ausbaustufen,
    author="B. Schmidt, M. Enning, R. Pfaff",
    title="Güterwagen 4.0 – Der Güterwagen für das Internet der Dinge. Teil 3: Einführungsszenarien für aktive, kommunikative Güterwagen",
    journal="ETR-Eisenbahntechnische Rundschau",
    volume="ISSN:0013-2845", number="Heft 5",pages="60-63",
    year="2018"
}